@inproceedings{Venkatesh:DATE:2014,
  author    = {R. Venkatesh and
               Ulka Shrotri and
               G. Murali Krishna and
               Supriya Agrawal},
  title     = {{EDT:} {A} specification notation for reactive systems},
  booktitle = {{DATE}},
  pages     = {1--6},
  publisher = {European Design and Automation Association},
  year      = {2014}
}

@inproceedings{Venkatesh:ENASE:2015,
  author    = {R. Venkatesh and
               Ulka Shrotri and
               Amey Zare and
               Supriya Agrawal},
  title     = {On Generating Test Cases from {EDT} Specifications},
  booktitle = {{ENASE} (Selected Papers)},
  series    = {Communications in Computer and Information Science},
  volume    = {599},
  pages     = {1--20},
  publisher = {Springer},
  year      = {2015}
}

@article{Mealy:1955,
  author = {Mealy, George H.},
  journal = {Bell System Technical Journal, The},
  pages = {1045-1079},
  title = {A method for synthesizing sequential circuits},
  volume = 34,
  year = 1955
}




@inproceedings{DBLP:conf/popl/CaspiPHP87,
  author    = {Paul Caspi and
               Daniel Pilaud and
               Nicolas Halbwachs and
               John Plaice},
  title     = {Lustre: {A} Declarative Language for Programming Synchronous Systems},
  booktitle = {Conference Record of the Fourteenth Annual {ACM} Symposium on Principles
               of Programming Languages, Munich, Germany, January 21-23, 1987},
  pages     = {178--188},
  year      = {1987},
  crossref  = {DBLP:conf/popl/1987},
  url       = {https://doi.org/10.1145/41625.41641},
  doi       = {10.1145/41625.41641},
  timestamp = {Tue, 06 Nov 2018 11:07:43 +0100},
  biburl    = {https://dblp.org/rec/bib/conf/popl/CaspiPHP87},
  bibsource = {dblp computer science bibliography, https://dblp.org}
}

@proceedings{DBLP:conf/popl/1987,
  title     = {Conference Record of the Fourteenth Annual {ACM} Symposium on Principles
               of Programming Languages, Munich, Germany, January 21-23, 1987},
  publisher = {{ACM} Press},
  year      = {1987},
  url       = {http://dl.acm.org/citation.cfm?id=41625},
  isbn      = {0-89791-215-2},
  timestamp = {Mon, 21 May 2012 16:19:49 +0200},
  biburl    = {https://dblp.org/rec/bib/conf/popl/1987},
  bibsource = {dblp computer science bibliography, https://dblp.org}
}


@article{DBLP:journals/scp/BerryG92,
  author    = {G{\'{e}}rard Berry and
               Georges Gonthier},
  title     = {The Esterel Synchronous Programming Language: Design, Semantics, Implementation},
  journal   = {Sci. Comput. Program.},
  volume    = {19},
  number    = {2},
  pages     = {87--152},
  year      = {1992},
  url       = {https://doi.org/10.1016/0167-6423(92)90005-V},
  doi       = {10.1016/0167-6423(92)90005-V},
  timestamp = {Wed, 14 Nov 2018 10:21:26 +0100},
  biburl    = {https://dblp.org/rec/bib/journals/scp/BerryG92},
  bibsource = {dblp computer science bibliography, https://dblp.org}
}



@article{DBLP:journals/scp/Harel87,
  author    = {David Harel},
  title     = {Statecharts: {A} Visual Formalism for Complex Systems},
  journal   = {Sci. Comput. Program.},
  volume    = {8},
  number    = {3},
  pages     = {231--274},
  year      = {1987},
  url       = {https://doi.org/10.1016/0167-6423(87)90035-9},
  doi       = {10.1016/0167-6423(87)90035-9},
  timestamp = {Wed, 14 Nov 2018 10:21:28 +0100},
  biburl    = {https://dblp.org/rec/bib/journals/scp/Harel87},
  bibsource = {dblp computer science bibliography, https://dblp.org}
}

@misc{CAPetri,
  author = {Carl Adam Petri},
  title = {Communication with Automata},
  howpublished = {DTIC Research Report AD0630125},
  year = {1966},
}

@article{DBLP:journals/csur/WoodcockLBF09,
  author    = {Jim Woodcock and
               Peter Gorm Larsen and
               Juan Bicarregui and
               John S. Fitzgerald},
  title     = {Formal methods: Practice and experience},
  journal   = {{ACM} Comput. Surv.},
  volume    = {41},
  number    = {4},
  pages     = {19:1--19:36},
  year      = {2009},
  url       = {https://doi.org/10.1145/1592434.1592436},
  doi       = {10.1145/1592434.1592436},
  timestamp = {Wed, 14 Nov 2018 10:31:46 +0100},
  biburl    = {https://dblp.org/rec/bib/journals/csur/WoodcockLBF09},
  bibsource = {dblp computer science bibliography, https://dblp.org}
}

@article{DBLP:journals/cacm/NewcombeRZMBD15,
  author    = {Chris Newcombe and
               Tim Rath and
               Fan Zhang and
               Bogdan Munteanu and
               Marc Brooker and
               Michael Deardeuff},
  title     = {How Amazon web services uses formal methods},
  journal   = {Commun. {ACM}},
  volume    = {58},
  number    = {4},
  pages     = {66--73},
  year      = {2015},
  url       = {https://doi.org/10.1145/2699417},
  doi       = {10.1145/2699417},
  timestamp = {Tue, 06 Nov 2018 12:51:37 +0100},
  biburl    = {https://dblp.org/rec/bib/journals/cacm/NewcombeRZMBD15},
  bibsource = {dblp computer science bibliography, https://dblp.org}
}

@article{Thyssen:2013:IOtables,
  author    = {Judith Thyssen and
               Benjamin Hummel},
  title     = {Behavioral specification of reactive systems using stream-based {I/O}
               tables},
  journal   = {Software and System Modeling},
  volume    = {12},
  number    = {2},
  pages     = {265--283},
  year      = {2013}
}



@inproceedings{DBLP:conf/asm/Abrial18,
  author    = {Jean{-}Raymond Abrial},
  title     = {On {B} and Event-B: Principles, Success and Challenges},
  booktitle = {Abstract State Machines, Alloy, B, TLA, VDM, and {Z} - 6th International
               Conference, {ABZ} 2018, Southampton, UK, June 5-8, 2018, Proceedings},
  pages     = {31--35},
  year      = {2018},
  crossref  = {DBLP:conf/asm/2018},
  url       = {https://doi.org/10.1007/978-3-319-91271-4\_3},
  doi       = {10.1007/978-3-319-91271-4\_3},
  timestamp = {Tue, 14 May 2019 10:00:50 +0200},
  biburl    = {https://dblp.org/rec/bib/conf/asm/Abrial18},
  bibsource = {dblp computer science bibliography, https://dblp.org}
}

@proceedings{DBLP:conf/asm/2018,
  editor    = {Michael J. Butler and
               Alexander Raschke and
               Thai Son Hoang and
               Klaus Reichl},
  title     = {Abstract State Machines, Alloy, B, TLA, VDM, and {Z} - 6th International
               Conference, {ABZ} 2018, Southampton, UK, June 5-8, 2018, Proceedings},
  series    = {Lecture Notes in Computer Science},
  volume    = {10817},
  publisher = {Springer},
  year      = {2018},
  url       = {https://doi.org/10.1007/978-3-319-91271-4},
  doi       = {10.1007/978-3-319-91271-4},
  isbn      = {978-3-319-91270-7},
  timestamp = {Tue, 14 May 2019 10:00:50 +0200},
  biburl    = {https://dblp.org/rec/bib/conf/asm/2018},
  bibsource = {dblp computer science bibliography, https://dblp.org}
}

@misc{LamportTLA,
  author = {Leslie Lamport},
  title = {The temporal logic of actions},
  howpublished = {Research Report 79, Digital Equipment Corporation, Systems Research Center},
  year = {1991},
}



@inproceedings{DBLP:conf/dac/Beers08,
  author    = {Robert Beers},
  title     = {Pre-RTL formal verification: an intel experience},
  booktitle = {Proceedings of the 45th Design Automation Conference, {DAC} 2008,
               Anaheim, CA, USA, June 8-13, 2008},
  pages     = {806--811},
  year      = {2008},
  crossref  = {DBLP:conf/dac/2008},
  url       = {https://doi.org/10.1145/1391469.1391675},
  doi       = {10.1145/1391469.1391675},
  timestamp = {Tue, 06 Nov 2018 16:58:19 +0100},
  biburl    = {https://dblp.org/rec/bib/conf/dac/Beers08},
  bibsource = {dblp computer science bibliography, https://dblp.org}
}

@proceedings{DBLP:conf/dac/2008,
  editor    = {Limor Fix},
  title     = {Proceedings of the 45th Design Automation Conference, {DAC} 2008,
               Anaheim, CA, USA, June 8-13, 2008},
  publisher = {{ACM}},
  year      = {2008},
  url       = {http://dl.acm.org/citation.cfm?id=1391469},
  isbn      = {978-1-60558-115-6},
  timestamp = {Wed, 30 Nov 2011 16:28:52 +0100},
  biburl    = {https://dblp.org/rec/bib/conf/dac/2008},
  bibsource = {dblp computer science bibliography, https://dblp.org}
}


@inproceedings{DBLP:conf/b/BehmDM98,
  author    = {Patrick Behm and
               Pierre Desforges and
               Jean{-}Marc Meynadier},
  title     = {M{\'{E}}T{\'{E}}OR : An Industrial Success in Formal Development},
  booktitle = {B'98: Recent Advances in the Development and Use of the {B} Method,
               Second International {B} Conference, Montpellier, France, April 22-24,
               1998, Proceedings},
  pages     = {26},
  year      = {1998},
  crossref  = {DBLP:conf/b/1998},
  timestamp = {Tue, 14 May 2019 10:00:35 +0200},
  biburl    = {https://dblp.org/rec/bib/conf/b/BehmDM98},
  bibsource = {dblp computer science bibliography, https://dblp.org}
}

@proceedings{DBLP:conf/b/1998,
  editor    = {Didier Bert},
  title     = {B'98: Recent Advances in the Development and Use of the {B} Method,
               Second International {B} Conference, Montpellier, France, April 22-24,
               1998, Proceedings},
  series    = {Lecture Notes in Computer Science},
  volume    = {1393},
  publisher = {Springer},
  year      = {1998},
  url       = {https://doi.org/10.1007/BFb0053349},
  doi       = {10.1007/BFb0053349},
  isbn      = {3-540-64405-9},
  timestamp = {Tue, 14 May 2019 10:00:35 +0200},
  biburl    = {https://dblp.org/rec/bib/conf/b/1998},
  bibsource = {dblp computer science bibliography, https://dblp.org}
}

