@inproceedings{10.1145/1353673.1353681,
author = {Dias Neto, Arilo C. and Subramanyan, Rajesh and Vieira, Marlon and Travassos, Guilherme H.},
title = {A survey on model-based testing approaches: a systematic review},
year = {2007},
isbn = {9781595938800},
publisher = {Association for Computing Machinery},
address = {New York, NY, USA},
url = {https://doi.org/10.1145/1353673.1353681},
doi = {10.1145/1353673.1353681},
booktitle = {Proceedings of the 1st ACM International Workshop on Empirical Assessment of Software Engineering Languages and Technologies: Held in Conjunction with the 22nd IEEE/ACM International Conference on Automated Software Engineering (ASE) 2007},
pages = {31–36},
numpages = {6},
location = {Atlanta, Georgia},
series = {WEASELTech '07}
}

@article{10.1002/stvr.456,
author = {Utting, Mark and Pretschner, Alexander and Legeard, Bruno},
title = {A taxonomy of model-based testing approaches},
year = {2012},
issue_date = {August 2012},
publisher = {John Wiley and Sons Ltd.},
address = {GBR},
volume = {22},
number = {5},
issn = {0960-0833},
url = {https://doi.org/10.1002/stvr.456},
doi = {10.1002/stvr.456},
journal = {Softw. Test. Verif. Reliab.},
month = aug,
pages = {297–312},
numpages = {16},
keywords = {taxonomy, survey, model-based testing approaches}
}


@book{DBLP:books/lib/Eilenberg76,
  author       = {Samuel Eilenberg},
  title        = {Automata, languages, and machines., {B}},
  series       = {Pure and applied mathematics},
  publisher    = {Academic Press},
  year         = {1976},
  url          = {https://www.worldcat.org/oclc/310535259},
  isbn         = {0122340027},
  timestamp    = {Fri, 17 Jul 2020 16:12:38 +0200},
  biburl       = {https://dblp.org/rec/books/lib/Eilenberg76.bib},
  bibsource    = {dblp computer science bibliography, https://dblp.org}
}

@article{GIAMMARRESI1999191,
title = {Deterministic generalized automata},
journal = {Theoretical Computer Science},
volume = {215},
number = {1},
pages = {191-208},
year = {1999},
issn = {0304-3975},
doi = {https://doi.org/10.1016/S0304-3975(97)00166-7},
url = {https://www.sciencedirect.com/science/article/pii/S0304397597001667},
author = {Dora Giammarresi and Rosa Montalbano},
}

@InProceedings{10.1007/978-3-540-30500-2_15,
author="Han, Yo-Sub
and Wood, Derick",
editor="Domaratzki, Michael
and Okhotin, Alexander
and Salomaa, Kai
and Yu, Sheng",
title="The Generalization of Generalized Automata: Expression Automata",
booktitle="Implementation and Application of Automata",
year="2005",
publisher="Springer Berlin Heidelberg",
address="Berlin, Heidelberg",
pages="156--166",
isbn="978-3-540-30500-2"
}

@inproceedings{DBLP:journals/corr/abs-2410-22761,
  author       = {R. Keerthan and
                  B. Srivathsan and
                  R. Venkatesh and
                  Sagar Verma},
  editor       = {Antonis Achilleos and
                  Adrian Francalanza},
  title        = {Deterministic Suffix-reading Automata},
  booktitle    = {Proceedings Fifteenth International Symposium on Games, Automata,
                  Logics, and Formal Verification, GandALF 2024, Reykjavik, Iceland,
                  19-21 June 2024},
  series       = {{EPTCS}},
  volume       = {409},
  pages        = {70--87},
  year         = {2024},
  url          = {https://doi.org/10.4204/EPTCS.409.9},
  doi          = {10.4204/EPTCS.409.9},
  timestamp    = {Wed, 29 Jan 2025 13:47:28 +0100},
  biburl       = {https://dblp.org/rec/journals/corr/abs-2410-22761.bib},
  bibsource    = {dblp computer science bibliography, https://dblp.org}
}

@inproceedings{DBLP:conf/date/VenkateshSKA14,
  author       = {R. Venkatesh and
                  Ulka Shrotri and
                  G. Murali Krishna and
                  Supriya Agrawal},
  editor       = {Gerhard P. Fettweis and
                  Wolfgang Nebel},
  title        = {{EDT:} {A} specification notation for reactive systems},
  booktitle    = {Design, Automation {\&} Test in Europe Conference {\&} Exhibition,
                  {DATE} 2014, Dresden, Germany, March 24-28, 2014},
  pages        = {1--6},
  publisher    = {European Design and Automation Association},
  year         = {2014},
  url          = {https://doi.org/10.7873/DATE.2014.228},
  doi          = {10.7873/DATE.2014.228},
  timestamp    = {Thu, 19 Nov 2020 15:37:08 +0100},
  biburl       = {https://dblp.org/rec/conf/date/VenkateshSKA14.bib},
  bibsource    = {dblp computer science bibliography, https://dblp.org}
}

@inproceedings{DBLP:conf/enase/VenkateshSZA15a,
  author       = {R. Venkatesh and
                  Ulka Shrotri and
                  Amey Zare and
                  Supriya Agrawal},
  editor       = {Leszek A. Maciaszek and
                  Joaquim Filipe},
  title        = {On Generating Test Cases from {EDT} Specifications},
  booktitle    = {Evaluation of Novel Approaches to Software Engineering - 10th International
                  Conference, {ENASE} 2015, Barcelona, Spain, April 29-30, 2015, Revised
                  Selected Papers},
  series       = {Communications in Computer and Information Science},
  volume       = {599},
  pages        = {1--20},
  publisher    = {Springer},
  year         = {2015},
  url          = {https://doi.org/10.1007/978-3-319-30243-0\_1},
  doi          = {10.1007/978-3-319-30243-0\_1},
  timestamp    = {Tue, 16 Aug 2022 23:04:41 +0200},
  biburl       = {https://dblp.org/rec/conf/enase/VenkateshSZA15a.bib},
  bibsource    = {dblp computer science bibliography, https://dblp.org}
}

@inproceedings{DBLP:conf/icst/AgrawalVSZV20,
  author       = {Supriya Agrawal and
                  R. Venkatesh and
                  Ulka Shrotri and
                  Amey Zare and
                  Sagar Verma},
  title        = {Scaling Test Case Generation For Expressive Decision Tables},
  booktitle    = {13th {IEEE} International Conference on Software Testing, Validation
                  and Verification, {ICST} 2020, Porto, Portugal, October 24-28, 2020},
  pages        = {364--374},
  publisher    = {{IEEE}},
  year         = {2020},
  url          = {https://doi.org/10.1109/ICST46399.2020.00044},
  doi          = {10.1109/ICST46399.2020.00044},
  timestamp    = {Thu, 19 Nov 2020 15:37:08 +0100},
  biburl       = {https://dblp.org/rec/conf/icst/AgrawalVSZV20.bib},
  bibsource    = {dblp computer science bibliography, https://dblp.org}
}